@inproceedings{gilbert2002near,
  title={Near-optimal sparse {F}ourier representations via sampling},
  author={Gilbert, Anna C and Guha, Sudipto and Indyk, Piotr and Muthukrishnan, S and Strauss, Martin},
  booktitle={Proceedings of the thiry-fourth annual ACM symposium on Theory of computing},
  pages={152--161},
  year={2002},
  organization={ACM}
}

@article{candes2007sparsity,
  title={Sparsity and incoherence in compressive sampling},
  author={Candes, Emmanuel and Romberg, Justin},
  journal={Inverse problems},
  volume={23},
  number={3},
  pages={969},
  year={2007},
  publisher={IOP Publishing}
}

@article{ho2012fast,
  title={A fast direct solver for structured linear systems by recursive skeletonization},
  author={Ho, Kenneth L and Greengard, Leslie},
  journal={SIAM Journal on Scientific Computing},
  volume={34},
  number={5},
  pages={A2507--A2532},
  year={2012},
  publisher={SIAM}
}

@article{price1970minimal,
  title={Minimal projections},
  author={Price, K.H. and Cheney, E.W.},
  journal={Approximation Theory, A. Talbot., ed., Academic Press, NewYork},
  pages={261--289},
  year={1970}
}

@article{negahban2012restricted,
  title={Restricted strong convexity and weighted matrix completion: Optimal bounds with noise},
  author={Negahban, Sahand and Wainwright, Martin J},
  journal={The Journal of Machine Learning Research},
  volume={98888},
  pages={1665--1697},
  year={2012},
  publisher={JMLR. org}
}

@article{candes2009exact,
  title={Exact matrix completion via convex optimization},
  author={Cand{\`e}s, E.J. and Recht, B.},
  journal={Foundations of Computational Mathematics},
  volume={9},
  number={6},
  pages={717--772},
  year={2009},
  publisher={Springer}
}

@inproceedings{ailon2006approximate,
  title={Approximate nearest neighbors and the fast {J}ohnson-{L}indenstrauss transform},
  author={Ailon, N. and Chazelle, B.},
  booktitle={Proceedings of the thirty-eighth annual ACM symposium on Theory of computing},
  pages={557--563},
  year={2006},
  organization={ACM}
}

@article{ailon2010faster,
  title={Faster dimension reduction},
  author={Ailon, N. and Chazelle, B.},
  journal={Communications of the ACM},
  volume={53},
  number={2},
  pages={97--104},
  year={2010},
  publisher={ACM}
}

@article{krahmer2011new,
title = {New and Improved {J}ohnson-{L}indenstrauss embeddings via the {R}estricted {I}sometry {P}roperty},
publisher = {SIAM},
year = {2011},
doi = {DOI:10.1137/100810447}, issn = {00361410}, eissn = {10957154}, coden = {SJMAAH}, volume = {43}, number = {3},
pages = {1269-1281}, author = {Felix Krahmer and Rachel Ward}, keywords = {Johnson?Lindenstrauss lemma; restricted isometry property; optimal asymptotics; Rademacher chaos; }, url = {http://dx.doi.org/doi/10.1137/100810447}} 

@article{candes2006near,
  title={Near-optimal signal recovery from random projections: {U}niversal encoding strategies?},
  author={Cand{\`e}s, E.J. and Tao, T.},
  journal={Information Theory, IEEE Transactions on},
  volume={52},
  number={12},
  pages={5406--5425},
  year={2006},
  publisher={IEEE}
}

@article{calderbank2010construction,
  title={Construction of a large class of deterministic sensing matrices that satisfy a statistical isometry property},
  author={Calderbank, R. and Howard, S. and Jafarpour, S.},
  journal={Selected Topics in Signal Processing, IEEE Journal of},
  volume={4},
  number={2},
  pages={358--374},
  year={2010},
  publisher={IEEE}
}

@article{lin2011fast,
  title={Fast construction of hierarchical matrix representation from matrix-vector multiplication},
  author={Lin, L. and Lu, J. and Ying, L.},
  journal={Journal of Computational Physics},
  year={2011},
  publisher={Elsevier}
}

@article{stewart1977perturbation,
  title={On the perturbation of pseudo-inverses, projections and linear least squares problems},
  author={Stewart, G.W.},
  journal={SIAM review},
  volume={19},
  number={4},
  pages={634--662},
  year={1977},
  publisher={JSTOR}
}

@article{golub1965numerical,
  title={Numerical methods for solving linear least squares problems},
  author={Golub, G.},
  journal={Numerische Mathematik},
  volume={7},
  number={3},
  pages={206--216},
  year={1965},
  publisher={Springer}
}


@article{hong1992rank,
  title={Rank-revealing {QR} factorizations and the singular value decomposition},
  author={Hong, Y.P. and Pan, C.T.},
  journal={Mathematics of Computation},
  volume={58},
  number={197},
  pages={213--232},
  year={1992},
  publisher={American Mathematical Society}
}

@article{chandrasekaran1994rank,
  title={On rank-revealing factorisations},
  author={Chandrasekaran, S. and Ipsen, I.C.F.},
  journal={SIAM Journal on Matrix Analysis and Applications},
  volume={15},
  pages={592},
  year={1994}
}

@article{bebendorf2006accelerating,
  title={Accelerating {G}alerkin {BEM} for linear elasticity using adaptive cross approximation},
  author={Bebendorf, M. and Grzhibovskis, R.},
  journal={Mathematical Methods in the Applied Sciences},
  volume={29},
  number={14},
  pages={1721--1747},
  year={2006},
  publisher={Wiley Online Library}
}

@article{tyrtyshnikov2000incomplete,
  title={Incomplete cross approximation in the mosaic-skeleton method},
  author={Tyrtyshnikov, E.},
  journal={Computing},
  volume={64},
  number={4},
  pages={367--380},
  year={2000},
  publisher={Springer}
}

@article{bebendorf2000approximation,
  title={Approximation of boundary element matrices},
  author={Bebendorf, M.},
  journal={Numerische Mathematik},
  volume={86},
  number={4},
  pages={565--589},
  year={2000},
  publisher={Springer}
}

@article{zhao2005adaptive,
  title={The adaptive cross approximation algorithm for accelerated method of moments computations of {EMC} problems},
  author={Zhao, K. and Vouvakis, M.N. and Lee, J.F.},
  journal={Electromagnetic Compatibility, IEEE Transactions on},
  volume={47},
  number={4},
  pages={763--773},
  year={2005},
  publisher={IEEE}
}

@article{platte2010chebfun,
  title={Chebfun: A new kind of numerical computing},
  author={Platte, R.B. and Trefethen, L.N.},
  journal={Progress in Industrial Mathematics at ECMI 2008},
  pages={69--87},
  year={2010},
  publisher={Springer}
}

@book{boyd2001chebyshev,
  title={Chebyshev and {F}ourier spectral methods},
  author={Boyd, J.P.},
  year={2001},
  publisher={Dover Pubns}
}

@article{boyd2004prolate,
  title={Prolate spheroidal wavefunctions as an alternative to {C}hebyshev and {L}egendre polynomials for spectral element and pseudospectral algorithms},
  author={Boyd, J.P.},
  journal={Journal of Computational Physics},
  volume={199},
  number={2},
  pages={688--716},
  year={2004},
  publisher={Elsevier}
}

@article{foster1986rank,
  title={Rank and null space calculations using matrix decomposition without column interchanges},
  author={Foster, L.V.},
  journal={Linear Algebra and its Applications},
  volume={74},
  pages={47--71},
  year={1986},
  publisher={Elsevier}
}

@article{pan1999bounds,
  title={Bounds on singular values revealed by {QR} factorizations},
  author={Pan, C.T. and Tang, P.T.P.},
  journal={BIT Numerical Mathematics},
  volume={39},
  number={4},
  pages={740--756},
  year={1999},
  publisher={Springer}
}

@article{chan1992some,
  title={Some applications of the rank revealing {QR} factorization},
  author={Chan, T.F. and Hansen, P.C.},
  journal={SIAM Journal on Scientific and Statistical Computing},
  volume={13},
  pages={727},
  year={1992}
}

@article{avron2010blendenpik,
  title={Blendenpik: Supercharging {LAPACK}'s least-squares solver},
  author={Avron, H. and Maymounkov, P. and Toledo, S.},
  journal={SIAM Journal on Scientific Computing},
  volume={32},
  number={3},
  pages={1217--1236},
  year={2010},
  publisher={Citeseer}
}

@article{xiao2001prolate,
  title={Prolate spheroidal wavefunctions, quadrature and interpolation},
  author={Xiao, H. and Rokhlin, V. and Yarvin, N.},
  journal={Inverse Problems},
  volume={17},
  pages={805},
  year={2001},
  publisher={IOP Publishing}
}

@article{bremer2012fast,
  title={A fast direct solver for the integral equations of scattering theory on planar curves with corners},
  author={Bremer, James},
  journal={Journal of Computational Physics},
  volume={231},
  number={4},
  pages={1879--1899},
  year={2012},
  publisher={Elsevier}
}

@article{businger1965linear,
  title={Linear least squares solutions by Householder transformations},
  author={Businger, P. and Golub, G.H.},
  journal={Numerische Mathematik},
  volume={7},
  number={3},
  pages={269--276},
  year={1965},
  publisher={Springer}
}

@inproceedings{ruston1962auerbach,
  title={Auerbach's theorem and tensor products of Banach spaces},
  author={Ruston, A.F.},
  booktitle={Mathematical Proceedings of the Cambridge Philosophical Society},
  volume={58},
  number={03},
  pages={476--480},
  year={1962},
  organization={Cambridge Univ Press}
}

@article{donoho2001uncertainty,
  title={Uncertainty principles and ideal atomic decomposition},
  author={Donoho, D.L. and Huo, X.},
  journal={Information Theory, IEEE Transactions on},
  volume={47},
  number={7},
  pages={2845--2862},
  year={2001},
  publisher={IEEE}
}

@article{andrieu2003introduction,
  title={{An introduction to {MCMC} for machine learning}},
  author={Andrieu, C. and De Freitas, N. and Doucet, A. and Jordan, M.I.},
  journal={Machine learning},
  volume={50},
  number={1},
  pages={5--43},
  issn={0885-6125},
  year={2003},
  publisher={Springer}
}

@article{karp1994probabilistic,
  title={Probabilistic recurrence relations},
  author={Karp, R.M.},
  journal={Journal of the ACM (JACM)},
  volume={41},
  number={6},
  pages={1136--1150},
  year={1994},
  publisher={ACM}
}

@book{motwani1995randomized,
  title={Randomized algorithms},
  author={Motwani, R. and Raghavan, P.},
  year={1995},
  publisher={Cambridge university press}
}

@article{chaudhuri1997probabilistic,
  title={Probabilistic recurrence relations revisited},
  author={Chaudhuri, S. and Dubhashi, D.},
  journal={Theoretical computer science},
  volume={181},
  number={1},
  pages={45--56},
  year={1997},
  publisher={Elsevier}
}

@article{karp1991introduction,
  title={An introduction to randomized algorithms},
  author={Karp, Richard M},
  journal={Discrete Applied Mathematics},
  volume={34},
  number={1},
  pages={165--201},
  year={1991},
  publisher={Elsevier}
}

@article{karp1987efficient,
  title={Efficient randomized pattern-matching algorithms},
  author={Karp, R.M. and Rabin, M.O.},
  journal={IBM Journal of Research and Development},
  volume={31},
  number={2},
  pages={249--260},
  year={1987},
  publisher={IBM}
}

@article{karger1996new,
  title={{A new approach to the minimum cut problem}},
  author={Karger, D.R. and Stein, C.},
  journal={Journal of the ACM},
  volume={43},
  number={4},
  pages={601--640},
  issn={0004-5411},
  year={1996},
  publisher={ACM}
}

@article{tropp2008norms,
  title={Norms of random submatrices and sparse approximation},
  author={Tropp, J.A.},
  journal={Comptes Rendus Mathematique},
  volume={346},
  number={23-24},
  pages={1271--1274},
  year={2008},
  publisher={Elsevier}
}

@misc{mallat2009wavelet,
  title={A Wavelet Tour of Signal Rrocessing, the Sparse way},
  author={Mallat, S.},
  year={2009},
  publisher={Academic Press}
}

@article{candes2006robust,
  title={Robust uncertainty principles: Exact signal reconstruction from highly incomplete frequency information},
  author={Cand{\`e}s, E.J. and Romberg, J. and Tao, T.},
  journal={Information Theory, IEEE Transactions on},
  volume={52},
  number={2},
  pages={489--509},
  year={2006},
  publisher={IEEE}
}

@article{candes2006stable,
  title={Stable signal recovery from incomplete and inaccurate measurements},
  author={Candes, E.J. and Romberg, J.K. and Tao, T.},
  journal={Communications on pure and applied mathematics},
  volume={59},
  number={8},
  pages={1207--1223},
  year={2006},
  publisher={Wiley Online Library}
}

@article{rauhut2010compressive,
  title={Compressive sensing and structured random matrices},
  author={Rauhut, H.},
  journal={Theoretical Foundations and Numerical Methods for Sparse Recovery},
  volume={9},
  pages={1--92},
  year={2010}
}

@article{rauhut2009circulant,
  title={{Circulant and {T}oeplitz matrices in compressed sensing}},
  author={Rauhut, H.},
  journal={Proc. SPARS},
  volume={9},
  year={2009}
}

@article{tropp2008conditioning,
  title={On the conditioning of random subdictionaries},
  author={Tropp, J.A.},
  journal={Applied and Computational Harmonic Analysis},
  volume={25},
  number={1},
  pages={1--24},
  year={2008},
  publisher={Elsevier}
}

@article{pfander2008identification,
  title={Identification of matrices having a sparse representation},
  author={Pfander, G.E. and Rauhut, H. and Tanner, J.},
  journal={Signal Processing, IEEE Transactions on},
  volume={56},
  number={11},
  pages={5376--5388},
  year={2008},
  publisher={IEEE}
}

@book{golub1996matrix,
  title={{Matrix computations}},
  author={Golub, G.H. and Van Loan, C.F.},
  isbn={0801854148},
  year={1996},
  publisher={Johns Hopkins University Press}
}

@article{cipra2000best,
  title={The best of the 20th century: Editors name top 10 algorithms},
  author={Cipra, B.A.},
  journal={SIAM news},
  volume={33},
  year={2000},
  number={4},
  pages={1--2}
}

@techreport{chan1985survey,
  title={A Survey of Preconditioners for Domain Decomposition.},
  author={Chan, T.F. and Resasco, D.C.},
  year={1985},
  institution={DTIC Document}
}

@article{chan1992interface,
  title={The interface probing technique in domain decomposition},
  author={Chan, T.F.C. and Mathew, T.P.},
  journal={SIAM Journal on Matrix Analysis and Applications},
  volume={13},
  pages={212},
  year={1992}
}

@article{hua1990matpencil,
  title={Matrix pencil method for estimating parameters of exponentially damped / undamped sinusoids in noise},
  author={Hua, Y. and Sarkar, T.K.},
  journal={IEEE Transactions on Acoustics, Speech and Signal Processing},
  volume={38},
  number={5},
  pages={814--824},
  year={1990},
}

@article{hua1991matpencil,
  title={On {SVD} for estimating generalized eigenvalues of singular matrix pencil in noise},
  author={Hua, Y. and Sarkar, T.K.},
  journal={IEEE Transactions on Signal Processing},
  volume={39},
  number={4},
  pages={892--900},
  year={1991},
}

@article{iwen2007empirical,
  title={Empirical evaluation of a sub-linear time sparse {DFT} algorithm},
  author={Iwen, MA and Gilbert, A and Strauss, M},
  journal={Communications in Mathematical Sciences},
  volume={5},
  number={4},
  pages={981--998},
  year={2007},
  publisher={International Press of Boston}
}

@inproceedings{hassanieh2012nearly,
  title={Nearly optimal sparse {F}ourier transform},
  author={Hassanieh, H. and Indyk, P. and Katabi, D. and Price, E.},
  booktitle={Proceedings of the 44th symposium on Theory of Computing},
  pages={563--578},
  year={2012},
  organization={ACM}
}
@inproceedings{hassanieh2012simple,
  title={Simple and practical algorithm for sparse {F}ourier transform},
  author={Hassanieh, H. and Indyk, P. and Katabi, D. and Price, E.},
  booktitle={Proceedings of the Twenty-Third Annual ACM-SIAM Symposium on Discrete Algorithms},
  pages={1183--1194},
  year={2012},
  organization={SIAM}
}

@inproceedings{gilbert2005improved,
  title={Improved time bounds for near-optimal sparse {F}ourier representations},
  author={Gilbert, A. and Muthukrishnan, S. and Strauss, M.},
  booktitle={Proceedings of SPIE},
  volume={5914},
  pages={59141A},
  year={2005}
}

@article{gilbert2008tutorial,
  title={A tutorial on fast {F}ourier sampling},
  author={Gilbert, A.C. and Strauss, M.J. and Tropp, J.A.},
  journal={Signal Processing Magazine, IEEE},
  volume={25},
  number={2},
  pages={57--66},
  year={2008},
  publisher={IEEE}
}

@article{pfander2010sparsity,
  title={Sparsity in time-frequency representations},
  author={Pfander, G.E. and Rauhut, H.},
  journal={Journal of Fourier Analysis and Applications},
  volume={16},
  number={2},
  pages={233--260},
  year={2010},
  publisher={Springer}
}

@article{pfander2011restricted,
  title={The restricted isometry property for time--frequency structured random matrices},
  author={Pfander, G{\"o}tz E and Rauhut, Holger and Tropp, Joel A},
  journal={Probability Theory and Related Fields},
  pages={1--31},
  year={2011},
  publisher={Springer}
}

@phdthesis{edelman1989eigenvalues,
  title={{Eigenvalues and condition numbers of random matrices}},
  author={Edelman, A.},
  year={1989},
  school={Massachusetts Institute of Technology}
}

@article{tropp2010improved,
  author    = {Tropp, J.A.},
  title     = {Improved Analysis of the subsampled Randomized Hadamard Transform},
  journal   = {Advances in Adaptive Data Analysis},
  volume    = {3},
  number    = {1-2},
  year      = {2011},
  pages     = {115-126},
  ee        = {http://dx.doi.org/10.1142/S1793536911000787},
  bibsource = {DBLP, http://dblp.uni-trier.de}
}

@incollection{milman1989isotropic,
  title={Isotropic position and inertia ellipsoids and zonoids of the unit ball of a normed n-dimensional space},
  author={Milman, Vitali D and Pajor, Alain},
  booktitle={Geometric aspects of functional analysis},
  pages={64--104},
  year={1989},
  publisher={Springer}
}

@article{rudelson2007sampling,
  title={Sampling from large matrices: An approach through geometric functional analysis},
  author={Rudelson, M. and Vershynin, R.},
  journal={Journal of the ACM (JACM)},
  volume={54},
  number={4},
  pages={21},
  year={2007},
  publisher={ACM}
}

@article{rudelson1999random,
title = "Random Vectors in the Isotropic Position",
journal = "Journal of Functional Analysis",
volume = "164",
number = "1",
pages = "60 - 72",
year = "1999",
note = "",
issn = "0022-1236",
doi = "10.1006/jfan.1998.3384",
url = "http://www.sciencedirect.com/science/article/pii/S0022123698933845",
author = "M. Rudelson"
}

@article{lust1986inequalities,
  title={{In{\'e}galit{\'e}s de {K}hintchine dans {C}p}},
  author={Lust-Piquard, F.},
  journal={CR Acad. Sci. Paris},
  volume={303},
  pages={289--292},
  year={1986}
}

@article{lust1991noncommutative,
  title={Non commutative Khintchine and Paley inequalities},
  author={Lust-Piquard, F. and Pisier, G.},
  journal={Arkiv f{\"o}r Matematik},
  volume={29},
  number={1},
  pages={241--260},
  year={1991},
  publisher={Springer}
}

@article{buchholz2001operator,
  title={Operator {K}hintchine inequality in non-commutative probability},
  author={Buchholz, A.},
  journal={Mathematische Annalen},
  volume={319},
  number={1},
  pages={1--16},
  year={2001},
  publisher={Springer}
}

@article{tropp2012user,
  title={User-friendly tail bounds for sums of random matrices},
  author={Tropp, J.A.},
  journal={Foundations of Computational Mathematics},
  volume={12},
  number={4},
  pages={389--434},
  year={2012},
  publisher={Springer}
}

@article{oliveira2009concentration,
  title={Concentration of the adjacency matrix and of the {L}aplacian in random graphs with independent edges},
  author={Oliveira, R.I.},
  journal={arXiv preprint arXiv:0911.0600},
  year={2009}
}

@book{pena1999decoupling,
  title={Decoupling: from dependence to independence},
  author={De la Pe{\~n}a, V. and Gin{\'e}, E.},
  year={1999},
  publisher={Springer Verlag}
}

@article{pena1995decoupling,
  title={Decoupling inequalities for the tail probabilities of multivariate U-statistics},
  author={de la Pe{\~n}a, Victor H and Montgomery-Smith, Stephen J},
  journal={The Annals of Probability},
  pages={806--816},
  year={1995},
  publisher={JSTOR}
}

@article{pena1992decoupling,
	title = {Decoupling and {K}hintchine's Inequalities for {U-Statistics}},
	volume = {20},
	issn = {00911798},
	url = {http://www.jstor.org/stable/2244733},
	number = {4},
	journal = {The Annals of Probability},
	author = {Victor H. de la Pe{\~n}a},
	month = oct,
	year = {1992},
	pages = {1877--1892}
},

@article{arcones1993decoupling,
  title={On decoupling, series expansions, and tail behavior of chaos processes},
  author={Arcones, Miguel A and Gin{\'e}, Evarist},
  journal={Journal of Theoretical Probability},
  volume={6},
  number={1},
  pages={101--122},
  year={1993},
  publisher={Springer}
}

@article{gittens2011spectral,
  title={The spectral norm error of the naive {N}ystrom extension},
  author={Gittens, A.},
  journal={Arxiv preprint arXiv:1110.5305},
  year={2011}
}

@inproceedings{talwalkar2010matrix,
  author    = {Ameet Talwalkar and
               Afshin Rostamizadeh},
  title     = {Matrix Coherence and the {N}ystrom Method},
  booktitle = {UAI},
  year      = {2010},
  pages     = {572-579},
  ee        = {http://uai.sis.pitt.edu/displayArticleDetails.jsp?mmnu=1{\&}smnu=2{\&}article_id=2089{\&}proceeding_id=26},
  crossref  = {DBLP:conf/uai/2010},
  bibsource = {DBLP, http://dblp.uni-trier.de}
}

@article{mahoney2009cur,
  title={{{CUR} matrix decompositions for improved data analysis}},
  author={Mahoney, M.W. and Drineas, P.},
  journal={Proceedings of the National Academy of Sciences},
  volume={106},
  number={3},
  pages={697},
  issn={0027-8424},
  year={2009},
  publisher={National Acad Sciences}
}

@article{liberty2007randomized,
  title={{Randomized algorithms for the low-rank approximation of matrices}},
  author={Liberty, E. and Woolfe, F. and Martinsson, P.G. and Rokhlin, V. and Tygert, M.},
  journal={Proceedings of the National Academy of Sciences},
  volume={104},
  number={51},
  pages={20167},
  year={2007},
  publisher={National Acad Sciences}
}

@article{woolfe2008fast,
  title={{A fast randomized algorithm for the approximation of matrices}},
  author={Woolfe, F. and Liberty, E. and Rokhlin, V. and Tygert, M.},
  journal={Applied and Computational Harmonic Analysis},
  volume={25},
  number={3},
  pages={335--366},
  issn={1063-5203},
  year={2008},
  publisher={Elsevier}
}

@article{drineas2008relative,
author = {Drineas, P. and Mahoney, M.W. and Muthukrishnan, S.},
collaboration = {},
title = {Relative-Error {CUR} Matrix Decompositions},
publisher = {SIAM},
year = {2008},
journal = {SIAM Journal on Matrix Analysis and Applications},
volume = {30},
number = {2},
pages = {844-881},
url = {http://link.aip.org/link/?SML/30/844/1},
doi = {10.1137/07070471X}
}

@article{frieze2004fast,
  title={Fast {M}onte-{C}arlo algorithms for finding low-rank approximations},
  author={Frieze, A. and Kannan, R. and Vempala, S.},
  journal={Journal of the ACM (JACM)},
  volume={51},
  number={6},
  pages={1025--1041},
  year={2004},
  publisher={ACM}
}


@conference{boutsidis2009improved,
  title={{An improved approximation algorithm for the column subset selection problem}},
  author={Boutsidis, C. and Mahoney, M.W. and Drineas, P.},
  booktitle={Proceedings of the twentieth Annual ACM-SIAM Symposium on Discrete Algorithms},
  pages={968--977},
  year={2009},
  organization={Society for Industrial and Applied Mathematics}
}


@article{halko2011finding,
  title={Finding structure with randomness: Probabilistic algorithms for constructing approximate matrix decompositions},
  author={Halko, Nathan and Martinsson, Per-Gunnar and Tropp, Joel A},
  journal={SIAM review},
  volume={53},
  number={2},
  pages={217--288},
  year={2011},
  publisher={SIAM}
}

@article{chan1987rank,
  title={{Rank revealing {QR} factorizations}},
  author={Chan, T.F.},
  journal={Linear Algebra and Its Applications},
  volume={88},
  pages={67--82},
  issn={0024-3795},
  year={1987},
  publisher={Elsevier}
}

@article{cheng2005compression,
  title={{On the compression of low rank matrices}},
  author={Cheng, H. and Gimbutas, Z. and Martinsson, P.G. and Rokhlin, V.},
  journal={SIAM Journal on Scientific Computing},
  volume={26},
  number={4},
  pages={1389--1404},
  issn={1064-8275},
  year={2005},
  publisher={Philadelphia, PA: SIAM, c1993-}
}

@article{friedland2007generalized,
  title={Generalized rank-constrained matrix approximations},
  author={Friedland, S. and Torokhti, A.},
  journal={SIAM Journal on Matrix Analysis and Applications},
  volume={29},
  number={2},
  pages={656--659},
  year={2007},
  publisher={SIAM}
}


@article{goreinov1997theory,
  title={A theory of pseudoskeleton approximations},
  author={Goreinov, S.A. and Tyrtyshnikov, E.E. and Zamarashkin, N.L.},
  journal={Linear Algebra and its Applications},
  volume={261},
  number={1-3},
  pages={1--21},
  year={1997},
  publisher={Elsevier}
}

@article{gu1996efficient,
  title={{Efficient algorithms for computing a strong rank-revealing {QR} factorization}},
  author={Gu, M. and Eisenstat, S.C.},
  journal={SIAM Journal on Scientific Computing},
  volume={17},
  number={4},
  pages={848--869},
  issn={1064-8275},
  year={1996},
  publisher={Philadelphia, PA: SIAM, c1993-}
}

@article{hale2008computing,
  title={Computing A$\alpha$, log (A), and related matrix functions by contour integrals},
  author={Hale, N. and Higham, N.J. and Trefethen, L.N. and others},
  journal={SIAM Journal on Numerical Analysis},
  volume={46},
  number={5},
  pages={2505--2523},
  year={2008},
  publisher={Citeseer}
}

@book{higham2008functions,
  title={{Functions of matrices: theory and computation}},
  author={Higham, N.J.},
  isbn={0898716462},
  year={2008},
  publisher={Society for Industrial Mathematics}
}

@article{wang1997some,
  title={Some inequalities for singular values of matrix products},
  author={Wang, Bo-Ying and Xi, Bo-Yan},
  journal={Linear algebra and its applications},
  volume={264},
  pages={109--115},
  year={1997},
  publisher={Elsevier}
}

@book{marshall2011inequalities,
  title={Inequalities: theory of majorization and its applications},
  author={Marshall, Albert W and Olkin, Ingram and Arnold, Barry C},
  year={2011},
  publisher={Springer Science+ Business Media}
}

@article{li1999lidskii,
  title={The {L}idskii-{M}irsky-{W}ielandt theorem--additive and multiplicative versions},
  author={Li, Chi-Kwong and Mathias, Roy},
  journal={Numerische Mathematik},
  volume={81},
  number={3},
  pages={377--413},
  year={1999},
  publisher={Springer}
}

@book{horn1990matrix,
  title={Matrix analysis},
  author={Horn, Roger A and Johnson, Charles R},
  year={1990},
  publisher={Cambridge university press}
}

@article{demanet2012fast,
  title={Fast wave computation via {F}ourier integral operators},
  author={Demanet, Laurent and Ying, Lexing},
  journal={Mathematics of Computation},
  volume={81},
  number={279},
  pages={1455--1486},
  year={2012}
}

@article{bebendorf2003existence,
  title={Existence of {H}-matrix approximants to the inverse {FE}-matrix of elliptic operators with {$\ell^{\infty}$}-coefficients},
  author={Bebendorf, M. and Hackbusch, W.},
  journal={Numerische Mathematik},
  volume={95},
  number={1},
  pages={1--28},
  year={2003},
  publisher={Springer}
}

@article{candes2007fast,
author = {Cand{\`e}s, E. J.  and Demanet, L. and Ying, L.},
collaboration = {},
title = {Fast Computation of {F}ourier Integral Operators},
publisher = {SIAM},
year = {2007},
journal = {SIAM Journal on Scientific Computing},
volume = {29},
number = {6},
pages = {2464-2493},
keywords = {{F}ourier integral operators; generalized Radon transform; separated representation; nonuniform fast {F}ourier transform; matrix approximation; operator compression; randomized algorithms; reflection seismology},
url = {http://link.aip.org/link/?SCE/29/2464/1},
doi = {10.1137/060671139}
}

@article{chang2000wavelet,
  title={Wavelet foveation},
  author={Chang, E.C. and Mallat, S. and Yap, C.},
  journal={Applied and Computational Harmonic Analysis},
  volume={9},
  number={3},
  pages={312--335},
  year={2000},
  publisher={Elsevier}
}

@book{folland1995introduction,
  title={Introduction to partial differential equations},
  author={Folland, Gerald B},
  year={1995},
  publisher={Princeton University Press}
}

@book{shubin2001pseudodifferential,
  title={{Pseudodifferential operators and spectral theory}},
  author={Shubin, M.A.},
  isbn={354041195X},
  year={2001},
  publisher={Springer Verlag}
}

@MISC{eigenweb,
  author = {Ga\"{e}l Guennebaud and Beno\^{i}t Jacob and others},
  title = {Eigen v3},
  howpublished = {http://eigen.tuxfamily.org},
  year = {2010}
}

@Article{FFTW05,
  author = 	 {Frigo, Matteo and Johnson, Steven~G.},
  title = 	 {The Design and Implementation of {FFTW3}},
  journal = 	 {Proceedings of the IEEE},
  year = 	 2005,
  volume =	 93,
  number =	 2,
  pages =	 {216--231},
  note =	 {Special issue on ``Program Generation, Optimization, and Platform Adaptation''}
}

@article{saak2008efficient,
  title={Efficient solution of large scale {L}yapunov and {R}iccati equations arising in model order reduction problems},
  author={Saak, J. and Benner, P.},
  journal = {Proceedings in Applied Mathematics and Mechanics},
  volume={8},
  number={1},
  pages={10085--10088},
  year={2008},
  publisher={Wiley Online Library}
}

@article{bischof1998algorithm,
  title={Algorithm 782: codes for rank-revealing {QR} factorizations of dense matrices},
  author={Bischof, C.H. and Quintana-Ort{\'\i}, G.},
  journal={ACM Transactions on Mathematical Software (TOMS)},
  volume={24},
  number={2},
  pages={254--257},
  year={1998},
  publisher={ACM}
}


@article{platte2010impossibility,
  title={Impossibility of fast stable approximation of analytic functions from equispaced samples},
  author={Platte, R.B. and Trefethen, L.N. and Kuijlaars, A.B.J.},
  journal={SIAM Rev},
  volume={53},
  number={2},
  pages={308--318},
  year={2011}
}

@article{demanet2010discrete,
  author    = {Demanet, L. and Ying, L.},
  title     = {Discrete Symbol Calculus},
  journal   = {SIAM Review},
  volume    = {53},
  number    = {1},
  year      = {2011},
  pages     = {71-104},
  ee        = {http://dx.doi.org/10.1137/080731311},
  bibsource = {DBLP, http://dblp.uni-trier.de}
}

@article{demanet2011matrix,
  title={Matrix probing: a randomized preconditioner for the wave-equation {H}essian},
  author={Demanet, L. and L{\'e}tourneau, P.D. and Boumal, N. and Calandra, H. and Chiu, J. and Snelson, S.},
  journal={Applied and Computational Harmonic Analysis},
  year={2011},
  publisher={Elsevier}
}

@article{chiu2011sublinear,
  title={Sublinear randomized algorithms for skeleton decompositions},
  author={Chiu, J. and Demanet, L.},
  journal={arXiv preprint arXiv:1110.4193},
  year={2011}
}

@inproceedings{Esterie:2014:BGP:2568058.2568063,
 author = {Est{\'e}rie, Pierre and Falcou, Joel and Gaunard, Mathias and Laprest{\'e}, Jean-Thierry},
 title = {Boost.SIMD: Generic Programming for Portable SIMDization},
 booktitle = {Proceedings of the 2014 Workshop on Programming Models for SIMD/Vector Processing},
 series = {WPMVP '14},
 year = {2014},
 isbn = {978-1-4503-2653-7},
 location = {Orlando, Florida, USA},
 pages = {1--8},
 numpages = {8},
 url = {http://doi.acm.org/10.1145/2568058.2568063},
 doi = {10.1145/2568058.2568063},
 acmid = {2568063},
 publisher = {ACM},
 address = {New York, NY, USA},
 keywords = {SIMD, c++, generic programming, template meta-programming},
} 
[download]